@article{Martens_expressivenessand,
    author={Wim, Martens and Frank, Neven and Thomas, Schwentick and Geert, Jan Bex},
    title={Expressiveness and complexity of XML schema},
    year={2006},
	journal={ACM Transactions on Database Systems},
    volume={31},
    number={3},
}

@article{Akhilesh_validatinga,
    author={Mr. Akhilesh and Mohan Srivastava and Ms Sanju Tiwari},
    title={Validating a Document using XML Languages},
    year={2013},
	journal={International Journal of Scientific and Research Publications},
    volume={3},
    number={6},
}

@online{ISO_IEC19757,
	url={https://www.iso.org/standard/55982.html},
	urldate={2019-05-27},
    author={International Organization for Standardization},
    title={Information technology -- Document Schema Definition Languages}
}

@book{Montero2011,
	author={Montero, Pineda Manuel and Hedler, Marko and Kutscherauer Nico},
	title={Schematron – Effiziente Business Rules für XML-Dokumente},
	publisher={DPunkt Verlag},
	year={2011},
	location={Heidelberg},
	hyphenation={german}
}

@book{Kay2011,
	author={Kay, Michael},
	title={XSLT 2.0 and XPath 2.0 Programmer's Reference},
	publisher={John Wiley \& Sons},
	year={2011},
	edition={4},
	hyphenation={english}
}

@online{SqlServer,
	url={https://docs.microsoft.com/en-us/sql/relational-databases/xml/generate-an-inline-xsd-schema?view=sql-server-2017},
	urldate={2019-05-27},
    author = {Microsoft},
    title = {Generate an Inline XSD Schema}
}

@thesis{Wagner2007,
	author={Wagner, Patrick},
	title={Entwicklung eines normierten Pflegeentlassungsberichtes auf Basis der Clinical Document Architecture 2.0},
	type={Masterarbeit},
	year={2007},
	institution={Institut für Medizinische Informations- und Auswertungsysteme an der Medizinischen Universität Wien},
	location={Wien},
	hyphenation={german},
	keywords={phdthesisexample1}
}

@book{Madhavan2001,
    author={Jayant Madhavan and Philip Bernstein and Erhard Rahm},
	year={2001},
    title={Generic Schema Matching with Cupid},
    booktitle = {In The VLDB Journal},
	publisher={Morgan Kaufmann Publishers Inc. San Francisco},
    pages = {49--58}
}

@book{Shanmugasundaram99,
	author={Jayavel Shanmugasundaram and Kristin Tufte and Gang He and Chun Zhang and David DeWitt and Jeffrey Naughton},
	title={Relational Databases for Querying XML Documents: Limitations and Opportunities},
	publisher={Morgan Kaufmann Publishers Inc. San Francisco},
	year={1999},
    pages = {302--314}
}

@article{Wheeler2011,
    author={Aaron Wheeler and Jim Dike and Michael Winburn},
    title={XSD To OWL: A Case Study},
    year={2011},
	journal={The Steering Committee of The World Congress in Computer Science, Computer Engineering and Applied Computing (WorldComp)}
}

@book{Walmsley,
	author={Walmsley, Priscilla},
	title={Definitive XML Schema},
	publisher={Prentice Hall},
	year={2012},
	edition={2},
	hyphenation={english}
}

@article{Lee2000ComparativeAO,
  title={Comparative Analysis of Six XML Schema Languages},
  author={Dongwon Lee and Wesley W. Chu},
  journal={SIGMOD Record},
  year={2000},
  volume={29},
  pages={76-87}
}

@book{Varlamis2001BridgingXA,
  title={Bridging XML-schema and relational databases: a system for generating and manipulating relational databases using valid XML documents},
  author={Iraklis Varlamis and Michalis Vazirgiannis},
  booktitle={ACM Symposium on Document Engineering},
  year={2001}
}

